@entry{rho,
 name={\ensuremath{\rho}},
 description={Anchor}
}