@entry{M,
 name={\ensuremath{M}},
 description={Smooth manifold}
}

@entry{E,
 name={\ensuremath{E}},
 description={Lie algebroid}
}