@book{DaSilva,
  title={Geometric models for noncommutative algebras},
  author={Da Silva, Ana Cannas and Weinstein, Alan},
  volume={10},
  year={1999},
  publisher={American Mathematical Soc.}
}

@inproceedings{Homomrho,
  title={Poisson-{N}ijenhuis structures},
  author={Kosmann-Schwarzbach, Yvette and Magri, Franco},
  booktitle={Annales de l'IHP Physique th{\'e}orique},
  volume={53},
  pages={35--81},
  year={1990}
}

@article{basicconn,
  title={Representations up to homotopy of {L}ie algebroids},
  author={Abad, Camilo Arias and Crainic, Marius},
  journal={Journal f{\"u}r die reine und angewandte Mathematik (Crelles Journal)},
  volume={2012},
  number={663},
  pages={91--126},
  year={2012},
  publisher={De Gruyter}
}

@article{ELeviCivita,
  title={Riemannian geometry of {L}ie algebroids},
  author={Boucetta, Mohamed},
  journal={Journal of the Egyptian Mathematical Society},
  volume={19},
  number={1-2},
  pages={57--70},
  year={2011},
  publisher={Elsevier}
}

@article{fernandes,
  title={Lie algebroids, holonomy and characteristic classes},
  author={Fernandes, Rui Loja},
  journal={Advances in Mathematics},
  volume={170},
  number={1},
  pages={119--179},
  year={2002},
  publisher={Elsevier}
}

@article{meinrenkensplitting,
  title={Splitting theorems for {P}oisson and related structures},
  author={Bursztyn, Henrique and Lima, Hudson and Meinrenken, Eckhard},
  journal={Journal f{\"u}r die reine und angewandte Mathematik (Crelles Journal)},
  year={2017},
  publisher={De Gruyter}
}

@article{CurvedYMH,
  title={Curving {Y}ang-{M}ills-{H}iggs gauge theories},
  author={Kotov, Alexei and Strobl, Thomas},
  journal={Physical Review D},
  volume={92},
  number={8},
  pages={085032},
  year={2015},
  publisher={APS}
}

@book{hamilton,
  title={Mathematical {G}auge {T}heory},
  author={Hamilton, Mark JD},
  year={2017},
  publisher={Springer}
}

@article{octonions,
  title={A note on {K}irchhoff's theorem for almost complex spheres {I}},
  author={D{\'\i}az, L{\'a}zaro O Rodr{\'\i}guez},
  journal={arXiv preprint arXiv:1804.05794},
  year={2018}
}

@article{flatmetricconn,
  title={A note on flat metric connections with antisymmetric torsion},
  author={Agricola, Ilka and Friedrich, Thomas},
  journal={Differential Geometry and its Applications},
  volume={28},
  number={4},
  pages={480--487},
  year={2010},
  publisher={Elsevier}
}

@article{meinrenkenlie,
  title={LIE GROUPOIDS AND {L}IE ALGEBROIDS, LECTURE NOTES, FALL 2017},
  author={Meinrenken, Eckhard}
}

@article{Heisenbergextension,
  title={LIE ALGEBRAS WITH AD-INVARIANT METRICS, A SURVEY-GUIDE},
  author={Ovando, GP},
  journal={Rend. Semin. Mat. Univ. Politec. Torino},
  volume={74},
  number={1},
  pages={243--268},
  year={2016}
}

@article{HeisenbergextensionProof,
  title={On the isometry groups of invariant {L}orentzian metrics on the {H}eisenberg group},
  author={del Barco, V. and Ovando, Gabriela Paola and Vittone, Francisco},
  journal={Mediterranean Journal of Mathematics},
  volume={11},
  number={1},
  pages={137--153},
  year={2014},
  publisher={Springer}
}

@article{mackenzieGeneralTheory,
  title={General {T}heory of {L}ie {G}roupoids and {A}lgebroids},
  author={Mackenzie, K.},
  journal={London Mathematical Society Lecture Note Series},
  volume={213}
}

@article{parallelFrameEconn,
  title={{O}n para-{K}{\"a}hler {L}ie algebroids and contravariant pseudo-{H}essian structures},
  author={Benayadi, Sa{\"\i}d and Boucetta, Mohamed},
  journal={Mathematische Nachrichten},
  volume={292},
  number={7},
  pages={1418--1443},
  year={2019},
  publisher={Wiley Online Library}
}

@book{cohen2006quantum,
  title={Quantenmechanik (2 vol. set)},
  author={Cohen-Tannoudji, Claude and Diu, Bernard and Laloe, Frank},
  year={2009},
  publisher={Walter de Gruyter GmbH \& Co. KG}
}
